<record xmlns="http://www.loc.gov/MARC21/slim" xmlns:xsi="http://www.w3.org/2001/XMLSchema-instance" xsi:schemaLocation="http://www.loc.gov/MARC21/slim http://www.loc.gov/standards/marcxml/schema/MARC21slim.xsd">

  <leader>00885nam a2200181   4500</leader>
  <controlfield tag="008">161018b2014    CR a|||| |||| 00| | spa d</controlfield>
  <datafield ind2=" " ind1=" " tag="090">
    <subfield code="a">06.04.09 </subfield>
    <subfield code="b">2236 </subfield>
  </datafield>
  <datafield ind2=" " ind1="1" tag="100">
    <subfield code="9">2089</subfield>
    <subfield code="a">Chinchilla Jiménez, Roxana </subfield>
  </datafield>
  <datafield tag="245" ind1="1" ind2="0">
    <subfield code="a">Necesidades de orientación derivadas del contacto con padres y madres de familia según las personas profesionales en orientación de los departamentos de orientación de colegios académicos diurnos de la Dirección Regional de San José Norte / </subfield>
    <subfield code="c">Roxana Chinchilla Jiménez, Flor Jiménez Segura</subfield>
  </datafield>
  <datafield ind2=" " ind1=" " tag="260">
    <subfield code="a">San José, Costa Rica : </subfield>
    <subfield code="b">INIE, </subfield>
    <subfield code="c">2014. </subfield>
  </datafield>
  <datafield ind1=" " tag="300" ind2=" ">
    <subfield code="a">45 páginas; </subfield>
    <subfield code="b">ilustraciones</subfield>
  </datafield>
  <datafield tag="500" ind1=" " ind2=" ">
    <subfield code="a">Informe final Proyecto de Investigación No. 724-B2-337</subfield>
  </datafield>
  <datafield tag="650" ind1="1" ind2="4">
    <subfield code="9">1483</subfield>
    <subfield code="a">ORIENTACIÓN PEDAGÓGICA</subfield>
  </datafield>
  <datafield tag="650" ind1="1" ind2="4">
    <subfield code="9">2090</subfield>
    <subfield code="a">RELACIÓN PADRES - DOCENTE</subfield>
  </datafield>
  <datafield ind2="4" tag="650" ind1="1">
    <subfield code="9">1520</subfield>
    <subfield code="a">EDUCACIÓN PERMANENTE</subfield>
  </datafield>
  <datafield ind2=" " ind1="1" tag="700">
    <subfield code="9">160</subfield>
    <subfield code="a">Jiménez Segura, Flor </subfield>
  </datafield>
  <datafield ind1=" " tag="942" ind2=" ">
    <subfield code="2">z</subfield>
    <subfield code="c">04</subfield>
  </datafield>
  <datafield ind2=" " tag="999" ind1=" ">
    <subfield code="c">3344</subfield>
    <subfield code="d">3344</subfield>
  </datafield>
</record>